@BOOK{The_RF_in_RFID,
author = "Daniel M. Dobkin",
title = "The RF in RFID: UHF RFID in Practice",
publisher = "Elsevier Inc.",
year = "2013",
isbn = "978-0-12-394583-9",
}